
@book{goldstein,
  title={Classical Mechanics (3rd ed.), Ch. 11},
  author={H. Goldstein, C. Poole, J. Safko},
  year={2001},
  publisher={Addison-Wesley}
}

@article{tsonis,
  title={Power spectra for anomalous diffusion in the extended {S}inai billiard},
  author={Zacherl, A and Geisel, T and Nierwetberg, J and Radons, G},
  journal={Phys. Lett. A},
  volume={114},
  number={6},
  pages={317--321},
  year={1986},
  publisher={Elsevier}
}

@article {shukla,
	author = {Shukla, J.},
	title = {Predictability in the Midst of Chaos: A Scientific Basis for Climate Forecasting},
	volume = {282},
	number = {5389},
	pages = {728--731},
	year = {1998},
	doi = {10.1126/science.282.5389.728},
	publisher = {American Association for the Advancement of Science},
	abstract = {The Earth{\textquoteright}s atmosphere is generally considered to be an example of a chaotic system that is sensitively dependent on initial conditions. It is shown here that certain regions of the atmosphere are an exception. Wind patterns and rainfall in certain regions of the tropics are so strongly determined by the temperature of the underlying sea surface that they do not show sensitive dependence on the initial conditions of the atmosphere. Therefore, it should be possible to predict the large-scale tropical circulation and rainfall for as long as the ocean temperature can be predicted. If changes in tropical Pacific sea-surface temperature are quite large, even the extratropical circulation over some regions, especially over the Pacific{\textendash}North American sector, is predictable.},
	issn = {0036-8075},
	URL = {http://science.sciencemag.org/content/282/5389/728},
	eprint = {http://science.sciencemag.org/content/282/5389/728.full.pdf},
	journal = {Science}
}

@article{weixing1993quasiperiodic,
  title={Quasiperiodic transition to chaos in a plasma},
  author={Weixing, Ding and Wei, Huang and Xiaodong, Wang and Yu, CX},
  journal={Physical review letters},
  volume={70},
  number={2},
  pages={170},
  year={1993},
  publisher={APS}
}

@article{giuggioli2013encounter,
  title={Encounter times in overlapping domains: Application to epidemic spread in a population of territorial animals},
  author={Giuggioli, Luca and P{\'e}rez-Becker, Sebastian and Sanders, David P},
  journal={Physical review letters},
  volume={110},
  number={5},
  pages={058103},
  year={2013},
  publisher={APS}
}

@article{fradkov2005control,
  title={Control of chaos: methods and applications in engineering},
  author={Fradkov, Alexander L and Evans, Robin J},
  journal={Annual Reviews in Control},
  volume={29},
  number={1},
  pages={33--56},
  year={2005},
  publisher={Elsevier}
}

@article{kopel1997improving,
  title={Improving the performance of an economic system: controlling chaos},
  author={Kopel, Michael},
  journal={Journal of Evolutionary Economics},
  volume={7},
  number={3},
  pages={269--289},
  year={1997},
  publisher={Springer}
}

@article{krawczyk1969newton,
  title={Newton-algorithmen zur bestimmung von nullstellen mit fehlerschranken},
  author={Krawczyk, Rudolf},
  journal={Computing},
  volume={4},
  number={3},
  pages={187--201},
  year={1969},
  publisher={Springer}
}

@article{JuliaArticle,
	Abstract = {The Julia programming language is gaining enormous popularity. Julia was designed to be easy and fast. Most importantly, Julia shatters deeply established notions widely held in the applied community:

1. High-level, dynamic code has to be slow by some sort of law of nature.
2. It is sensible to prototype in one language and then recode in another language.
3. There are parts of a system for the programmer, and other parts best left untouched as they are built by the experts.

Julia began with a deep understanding of the needs of the scientific programmer and the needs of the computer in mind. Bridging cultures that have often been distant, Julia combines expertise from computer science and computational science creating a new approach to scientific computing. This note introduces the programmer to the language and the underlying design theory. It invites the reader to rethink the fundamental foundations of numerical computing systems.

In particular, there is the fascinating dance between specialization and abstraction. Specialization allows for custom treatment. We can pick just the right algorithm for the right circumstance and this can happen at runtime based on argument types (code selection via multiple dispatch). Abstraction recognizes what remains the same after differences are stripped away and ignored as irrelevant. The recognition of abstraction allows for code reuse (generic programming). A simple idea that yields incredible power. The Julia design facilitates this interplay in many explicit and subtle ways for machine performance and, most importantly, human convenience.},
	Author = {Jeff Bezanson and Alan Edelman and Stefan Karpinski and Viral B. Shah},
	Eprint = {1411.1607},
	Eprintclass = {cs.MS},
	Eprinttype = {arXiv},
	Month = {November},
	Title = {{J}ulia: A Fresh Approach to Numerical Computing},
	Year = {2014}
	}
	
@note{JuliaLang,
url = {http://julialang.org/},
note={http://julialang.org/}
}

@book{moore1966interval,
  title={Interval analysis},
  author={Moore, Ramon E},
  volume={4},
  year={1966},
  publisher={Prentice-Hall Englewood Cliffs}
}

@book{moore2009introduction,
  title={Introduction to interval analysis},
  author={Moore, Ramon E and Kearfott, R Baker and Cloud, Michael J},
  year={2009},
  publisher={Siam}
}

@article{zuhe1990solving,
  title={Solving minimax problems by interval methods},
  author={Zuhe, Shen and Neumaier, A and Eiermann, MC},
  journal={BIT Numerical Mathematics},
  volume={30},
  number={4},
  pages={742--751},
  year={1990},
  publisher={Springer}
}

@article{schichl2005interval,
  title={Interval analysis on directed acyclic graphs for global optimization},
  author={Schichl, Hermann and Neumaier, Arnold},
  journal={Journal of Global Optimization},
  volume={33},
  number={4},
  pages={541--562},
  year={2005},
  publisher={Springer}
}

@misc{press2007numerical,
  title={Numerical Recipes 3rd ed.: The Art of Scientific Computing},
  author={Press, WH and Teukolsky, SA and Vetterling, WT and Flannery, BP},
  year={2007},
  publisher={Cambridge University Press New York, NY, USA}
  % Chapter 9
}

@book{tucker2011validated,
  title={Validated numerics: a short introduction to rigorous computations},
  author={Tucker, Warwick},
  year={2011},
  publisher={Princeton University Press}
}

@article{tucker2009rigorous,
  title={A rigorous lower bound for the stability regions of the quadratic map},
  author={Tucker, Warwick and Wilczak, Daniel},
  journal={Physica D: Nonlinear Phenomena},
  volume={238},
  number={18},
  pages={1923--1936},
  year={2009},
  publisher={Elsevier}
}

@article{jackson1990periodic,
  title={Periodic entrainment of chaotic logistic map dynamics},
  author={Jackson, E Atlee and H{\"u}bler, Alfred},
  journal={Physica D: Nonlinear Phenomena},
  volume={44},
  number={3},
  pages={407--420},
  year={1990},
  publisher={Elsevier}
}

@book{ausloos2006logistic,
  title={The logistic map and the route to chaos: From the beginnings to modern applications},
  author={Ausloos, Marcel and Dirickx, Michel},
  year={2006},
  publisher={Springer Science \& Business Media}
}

@misc{lichtenberg1992regular,
  title={Regular and chaotic dynamics, volume 38 of Applied mathematical sciences},
  author={Lichtenberg, Allen J and Lieberman, Michael A},
  year={1992},
  publisher={Springer Verlag, New York,}
  % Here it says New York, while the .odt erf says Berlin
}

@article{altland1996field,
  title={Field theory of the quantum kicked rotor},
  author={Altland, Alexander and Zirnbauer, Martin R},
  journal={Physical review letters},
  volume={77},
  number={22},
  pages={4536},
  year={1996},
  publisher={APS}
}

@book{horton1996chaos,
  title={Chaos and structures in nonlinear plasmas},
  author={Horton, W and Ichikawa, Yoshi H},
  year={1996},
  publisher={World Scientific}
}

@article{peyrard1983critical,
  title={Critical behaviour at the transition by breaking of analyticity in the discrete Frenkel-Kontorova model},
  author={Peyrard, Michel and Aubry, Serge},
  journal={Journal of Physics C: Solid State Physics},
  volume={16},
  number={9},
  pages={1593},
  year={1983},
  publisher={IOP Publishing}
}

@article{averbukh2001angular,
  title={Angular focusing, squeezing, and rainbow formation in a strongly driven quantum rotor},
  author={Averbukh, I Sh and Arvieu, R},
  journal={Physical review letters},
  volume={87},
  number={16},
  pages={163601},
  year={2001},
  publisher={APS}
}

@article{artin1965periodic,
  title={On periodic points},
  author={Artin, Michael and Mazur, Barry},
  journal={Annals of Mathematics},
  pages={82--99},
  year={1965},
  publisher={JSTOR}
}

@incollection{block1980periodic,
  title={Periodic points and topological entropy of one dimensional maps},
  author={Block, Louis and Guckenheimer, John and Misiurewicz, Michal and Young, Lai Sang},
  booktitle={Global theory of dynamical systems},
  pages={18--34},
  year={1980},
  publisher={Springer}
}

@article{newhouse1977quasi,
  title={Quasi-elliptic periodic points in conservative dynamical systems},
  author={Newhouse, Sheldon E},
  journal={American Journal of Mathematics},
  volume={99},
  number={5},
  pages={1061--1087},
  year={1977},
  publisher={JSTOR}
}

@article{chothi1997s,
  title={S-integer dynamical systems: periodic points},
  author={Chothi, Vijay and Everest, Graham and Ward, Thomas},
  journal={Journal fur die Reine und Angewandte Mathematik},
  pages={99--132},
  year={1997},
  publisher={WALTER DE GRUYTER}
}

@article{henon1976two,
  title={A two-dimensional mapping with a strange attractor},
  author={H{\'e}non, Michel},
  journal={Communications in Mathematical Physics},
  volume={50},
  number={1},
  pages={69--77},
  year={1976},
  publisher={Springer}
}

@book{gaspard2005chaos,
  title={Chaos, scattering and statistical mechanics},
  author={Gaspard, Pierre},
  volume={9},
  year={2005},
  publisher={Cambridge University Press}
}

@article{eckhardt1987fractal,
  title={Fractal properties of scattering singularities},
  author={Eckhardt, B},
  journal={Journal of Physics A: Mathematical and General},
  volume={20},
  number={17},
  pages={5971},
  year={1987},
  publisher={IOP Publishing}
}

@article{jung1987cantor,
  title={Cantor set structures in the singularities of classical potential scattering},
  author={Jung, C and Scholz, HJ},
  journal={Journal of Physics A: Mathematical and General},
  volume={20},
  number={12},
  pages={3607},
  year={1987},
  publisher={IOP Publishing}
}

@article{gaspard1989scattering,
  title={Scattering from a classically chaotic repellor},
  author={Gaspard, Pierre and Rice, Stuart A},
  journal={The Journal of chemical physics},
  volume={90},
  number={4},
  pages={2225--2241},
  year={1989},
  publisher={AIP Publishing}
}

@article{gaspard1989semiclassical,
  title={Semiclassical quantization of the scattering from a classically chaotic repellor},
  author={Gaspard, Pierre and Rice, Stuart A},
  journal={The Journal of chemical physics},
  volume={90},
  number={4},
  pages={2242--2254},
  year={1989},
  publisher={AIP Publishing}
}

@article{gaspard1989exact,
  title={Exact quantization of the scattering from a classically chaotic repellor},
  author={Gaspard, Pierre and Rice, Stuart A},
  journal={The Journal of chemical physics},
  volume={90},
  number={4},
  pages={2255--2262},
  year={1989},
  publisher={AIP Publishing}
}

@article{kovacs1990thermodynamics,
  title={Thermodynamics of irregular scattering},
  author={Kov{\'a}cs, Zolt{\'a}n and T{\'e}l, Tam{\'a}s},
  journal={Physical review letters},
  volume={64},
  number={14},
  pages={1617},
  year={1990},
  publisher={APS}
}

@article{korsch1991fractal,
  title={Fractal mirror images and chaotic scattering},
  author={Korsch, HJ and Wagner, A},
  journal={Computers in Physics},
  volume={5},
  number={5},
  pages={497--504},
  year={1991},
  publisher={AIP Publishing}
}

@inproceedings{nehmeier2014libieeep1788,
  title={libieeep1788: A C++ Implementation of the IEEE Interval Standard P1788},
  author={Nehmeier, Marco},
  booktitle={Norbert Wiener in the 21st Century (21CW), 2014 IEEE Conference on},
  pages={1--6},
  year={2014},
  organization={IEEE}
}


